% Pour les types d'entrée, la documentation consultée se trouve sur https://www.bibtex.com/e/entry-types/

% LISTE D'ARTICLES :
@article{abergel2023aioli,
    title={{Aïoli}: A reality-based 3D annotation cloud platform for the collaborative documentation of cultural heritage artefacts},
    author={Abergel, V. and others},
    journal={Digital Applications in Archaeology and Cultural Heritage},
    volume={30},
    pages={e00285},
    year={2023},
    publisher={Elsevier},
    doi={10.1016/j.daach.2023.e00285},
    url={https://doi.org/10.1016/j.daach.2023.e00285}
}

@article{ancona1991,
  title={An object oriented approach to data persistence},
  author={Ancona, M. and Nani, G. and Paci, M.},
  journal={Microprocessing and Microprogramming},
  volume={32},
  number={1-5},
  pages={263--270},
  year={1991},
  url={10.1016/0165-6074(91)90357-y},
  urldate={2024-07-05}
}

@article{cornut2023annotations,
    title={Annotations as Knowledge Practices in Image Archives: Application of Linked Open Usable Data and Machine Learning},
    author={Cornut, M. and Raemy, J.A. and Spiess, F.},
    journal={Journal on Computing and Cultural Heritage},
    volume={16},
    number={4},
    pages={1--19},
    year={2023},
    publisher={ACM},
    doi={10.1145/3625301},
    url={https://doi.org/10.1145/3625301}
}

@article{crosscultemo,
    author = {Gao, Xiao-Ping and Xin, John and Sato, Tetsuya and Hansuebsai, Aran and Scalzo, Marcello and Kajiwara, Kanji and Guan, Shing-Sheng and Valldeperas-Morell, Josep and Lis, Manuel and Billger, Monica},
    title = {Analysis of cross‐cultural color emotion},
    year = {2007},
    month = {06},
    pages = {223 - 229},
    volume = {32},
    journal = {Color Research \& Application},
    doi = {10.1002/col.20321},
    note = {2024-08-29}
}

@article{delmas-glass2020fostering,
    title={Fostering a community of PHAROS scholars through the adoption of open standards},
    author={Delmas-Glass, E. and Sanderson, R.},
    journal={Art Libraries Journal},
    volume={45},
    number={1},
    pages={19--23},
    year={2020},
    publisher={Cambridge University Press},
    doi={10.1017/alj.2019.32},
    url={https://doi.org/10.1017/alj.2019.32}
}

@article{felsing2023community,
    title={Community and Interoperability at the Core of Sustaining Image Archives},
    author={Felsing, U. and others},
    journal={Digital Humanities in the Nordic and Baltic Countries Publications},
    volume={5},
    number={1},
    pages={40--54},
    year={2023},
    doi={10.5617/dhnbpub.10649},
    url={https://doi.org/10.5617/dhnbpub.10649}
}

@article{freire2017survey,
    title={A survey of Web technology for metadata aggregation in cultural heritage},
    author={Freire, N. and others},
    journal={Information Services \& Use},
    volume={37},
    number={4},
    pages={425--436},
    year={2017},
    doi={10.3233/ISU-170859},
    url={https://doi.org/10.3233/ISU-170859}
}

@article{freire2018cultural,
    title={Cultural heritage metadata aggregation using web technologies: {IIIF}, Sitemaps and Schema.org},
    author={Freire, N. and others},
    journal={International Journal on Digital Libraries},
    year={2018},
    note={Preprint},
    doi={10.1007/s00799-018-0259-5},
    url={https://doi.org/10.1007/s00799-018-0259-5}
}

@article{gomez2020iiif,
    title={{IIIF} by the Numbers},
    author={Gomez, J. and Clarke, K.S. and Vuong, A.},
    journal={The Code4Lib Journal},
    number={48},
    year={2020},
    url={https://journal.code4lib.org/articles/15217},
    note={Accessed: 17 May 2024}
}

@article{martin1996,
    author = {Ann Smart Martin},
    title = {Material Things and Cultural Meanings: Notes on the Study of Early American Material Culture},
    journal = {The William and Mary Quarterly},
    year = {1996},
    note = {Consulté le 20 novembre 2021},
    doi = {https://doi.org/10.2307/2946821}
}

@article{meneses1983,
    author = {Ulpiano Bezerra de Meneses},
    title = {A cultura material no estudo das sociedades antigas},
    journal = {Revista de História},
    year= {1983},
    month = {08},
    volume = {115},
    url = {https://www.revistas.usp.br/revhistoria/article/view/61796},
    abstract = {Article de Ulpiano Bezerra de Meneses publié dans la Revista de História en 1983, explorant les relations entre la recherche historique et la culture matérielle.},
    urldate = {2024-08-29}
}

@article{meneses1998,
    title = {Memória e Cultura Material: Documentos Pessoais no Espaço Público},
    author = {Ulpiano Bezerra de Meneses},
    journal = {Revista de História},
    year = {1998},
    month = {08},
    volume = {s/n},
    url = {https://periodicos.fgv.br/reh/article/view/2067},
    abstract = {Article de Ulpiano Bezerra de Meneses publié dans la Revista de História, abordant le concept de l'objet en tant que document et source de mémoire.},
    urldate = {2024-07-29}
}

@article{moxey2008,
    author = {Keith Moxey},
    title = {Les études visuelles et le tournant iconique},
    journal = {Intermediality: History and Theory of the Arts, Literature and Technologies},
    year = {2008},
    number = {11},
    note = {Consulté le 20 novembre 2021},
    url = {https://www.erudit.org/fr/revues/im/2008-n11-im3117/037542ar/}
}

@article{rede2001,
    author = {Marcelo Rede},
    title = {Estudos de cultura material: uma vertente francesa},
    journal = {Anais do Museu Paulista: História e Cultura Material},
    year = {2001},
    volume = {8},
    note = {Mis en ligne le 24 août 2009, consulté le 12 avril 2021},
    doi = {https://doi.org/10.1590/S0101-47142001000100008}
}

@article{shi2014mainstreaming,
    title = {Mainstreaming, Counter-Co-Optation, and Depoliticization by a Counterculture},
    author = {Tiebing Shi},
    journal = {Journal of Marketing Development and Competitiveness},
    volume = {8},
    number = {3},
    year = {2014},
    pages = {109--117},
    publisher = {Northwest Missouri State University}
}


% LISTE DE LIVRES :
@book{appadurai1986,
    author = {Arjun Appadurai},
    editor = {Arjun Appadurai},
    title = {The Social Life of Things: Commodities in Cultural Perspective},
    year = {1986},
    publisher = {Cambridge University Press},
    edition = {Cambridge University Press},
    address = {Cambridge and New York}
}

@book{bloch1952,
  title = {Apologie pour l'histoire ou métier d'historien},
  author = {Bloch, M.},
  year = {1952},
  publisher = {Librairie Armand Colin},
  edition = {Librairie Armand Colin},
  adresse = {Paris},
  series = {Cahier des Annales},
  volume = {3}
}

@book{braudel1967,
    author = {Fernand Braudel},
    title = {Civilisation matérielle, économie et capitalisme, XVe-XVIIIe siècle. Tome 2. Les jeux de l'échange},
    year = {1967},
    publisher = {Armand Colin},
    edition = {Armand Colin},
    address = {Paris}
}

@book{cirillo2009,
    author = {Francesco Cirillo},
    title = {The Pomodoro Technique},
    year = {2009},
    publisher = {Lulu.com},
    edition = {Lulu.com},
    address = {San Francisco}
}

@book{floridi_2011,
    title={The Philosophy of Information},
    author={Luciano Floridi},
    publisher={Oxford University Press},
    edition={Oxford University Press},
    year={2011}, 
    address={Oxford}
}

@book{ioannides_patias_2023,
    title={3D Research: Challenges in Cultural Heritage III: Complexity and Quality in Digitisation},
    editor={Marinos Ioannides},
    editor={Petros Patias},
    publisher={Springer},
    edition={Springer},
    year={2023}
}

@book{kopytoff1986,
    author = {Igor Kopytoff},
    editor = {Arjun Appadurai},
    title = {The Social Life of Things: Commodities in Cultural Perspective},
    year = {1986},
    publisher = {Cambridge University Press},
    edition = {Cambridge University Press},
    address = {Cambridge and New York}
}

@book{langlois_seignobos1992,
  title = {Introduction aux études historiques},
  author = {Langlois, Charles-Victor and Seignobos, Charles},
  year = {1992},
  publisher = {Editions Kimé},
  address = {Paris},
  pages = {284},
  edition = {Editions Kimé},
  note = {1ère édition : Librairie Hachette, Paris, 1898}
}

@book{marx1968,
    author = {Karl Marx},
    title = {L'idéologie allemande: Critique de la philosophie allemande la plus récente dans la personne de ses représentants Feuerbach, B. Bauer et Stirner, et du socialisme allemand dans celle de ses différents prophètes},
    year = {1968},
    publisher = {Éditions Sociales},
    edition = {Éditions Sociales},
    address = {Paris},
    note = {traduction par Henri Auger, Gilbert Badia, Jean Baudrillard, Renée Cartelle}
}

@book{marx2008,
    author = {Karl Marx},
    title = {Le Capital},
    year = {2008},
    publisher = {Gallimard},
    edition = {Gallimard},
    address = {Paris},
    note = {Traduit de l'allemand par Maximilien Rubel, première publication en 1867}
}

@book{miller1988,
    author = {Daniel Miller},
    title = {Material Cultures: Why Some Things Matter},
    year = {1988},
    publisher = {UCL Press Limited},
    edition = {Armand Colin},
    address = {London}
}

@book{pomian2020,
    author = {Krzysztof Pomian},
    title = {Le musée, une histoire mondiale. Tome I: Du trésor au musée},
    year = {2020},
    publisher = {{Gallimard}},
    edition = {{Gallimard}},
    address = {Paris}
}

@book{postone1996,
    author = {Moishe Postone},
    title = {Time, Labor, and Social Domination: A Reinterpretation of Marx's Critical Theory},
    year = {1996},
    publisher = {Cambridge University Press},
    edition = {Cambridge University Press},
    address = {Cambridge}
}

@book{valberg2005,
    author = {Arne Valberg},
    title = {Light Vision Color},
    year = {2005},
    publisher = {John Wiley \& Sons Ltd},
    edition = {John Wiley \& Sons Ltd},
    address = {Chichester}
}

@inproceedings{daems2017towards,
    title={Towards a IIIF-based corpus management platform},
    author={Daems, J. and others},
    booktitle={Digital Humanities Benelux 2017},
    year={2017},
    url={http://hdl.handle.net/1854/LU-8538793},
    note={Accessed: 18 May 2024}
}


% LISTE DE PAPERS : 
@inproceedings{garland1997surface,
    author = {Michael Garland and Paul S. Heckbert},
    title = {Surface Simplification Using Quadric Error Metrics},
    booktitle = {SIGGRAPH '97 Proceedings},
    year = {1997},
    month = {August},
    publisher = {ACM Press/Addison-Wesley Publishing Co.},
    url={https://www.cs.cmu.edu/~./garland/Papers/quadrics.pdf}
}

@inproceedings{garland1998quadric,
    title={Simplifying Surfaces with Color and Texture using Quadric Error Metrics},
    author={Michael Garland and Paul S. Heckbert},
    booktitle={Proceedings of the 24th annual conference on Computer graphics and interactive techniques},
    year={1998},
    organization={ACM Press/Addison-Wesley Publishing Co.},
    url={https://www.cs.cmu.edu/~garland/Papers/quadric2.pdf}
}

@inproceedings{manz2023recommended,
    title={Recommended 3D Workflow for Digital Heritage Practices},
    author={Manz, M.C. and Raemy, J.A. and Fornaro, P.},
    booktitle={Archiving Conference},
    pages={23--28},
    year={2023},
    organization={Society for Imaging Science and Technology},
    doi={10.2352/issn.2168-3204.2023.20.1.5},
    url={https://doi.org/10.2352/issn.2168-3204.2023.20.1.5}
}


% THESES :
@thesis{raemy2017iiif,
    title={The International Image Interoperability Framework (IIIF): raising awareness of the user benefits for scholarly editions},
    author={Raemy, J.A.},
    year={2017},
    school={HES-SO University of Applied Sciences and Arts, Haute école de gestion de Genève},
    type={Bachelor's thesis},
    url={https://sonar.ch/hesso/documents/314853},
    note={Accessed: 21 May 2024}
}


% AUTRES NOTES :
@misc{rossenova2023iiif,
    title={{IIIF} for 3D -- making web interoperability multi-dimensional},
    author={Lozana Rossenova},
    year={2023},
    url ={{https://pro.europeana.eu/post/iiif-for-3d-making-web-interoperability-multi-dimensional}},
    urldate={2024-05-14}
}

@misc{weinthal2019iiif,
    title={{IIIF} for Open Access},
    author={Weinthal, D. and Childress, D.},
    year={2019},
    howpublished={\url{https://escholarship.org/uc/item/260616w7}},
    note={Open Access Week, UCLA, Los Angeles, CA, USA, 23 October. Accessed: 18 May 2024}
}