% Pour les types d'entrée, la documentation consultée se trouve sur https://www.bibtex.com/e/entry-types/

@online{stackoverflow,
  title = {Stack {{Overflow}} – {{Where Developers Learn}}, {{Share}}, \& {{Build Careers}}},
  url = {https://stackoverflow.com/},
  abstract = {Stack Overflow is the largest, most trusted online community for developers to learn, share\mbox{} \mbox{}their programming \mbox{}knowledge, and build their careers.},
  journaltitle = {Stack Overflow},
  urldate = {2024-07-02}
}

@online{pymeshlab_decimation,
  author = {PyMeshLab},
  title = {Decimation Quadric Edge Collapse with Texture},
  year = {2024},
  url = {https://pymeshlab.readthedocs.io/en/latest/filter_list.html#meshing_decimation_quadric_edge_collapse_with_texture},
  urldate = {2024-08-05}
}

@online{daschstrategicgoals,
  author = {{DaSCH}},
  title = {Strategic Goals | {{DaSCH}}},
  url = {https://www.dasch.swiss/strategic-goals},
  abstract = {Page outlining the strategic goals of the DaSCH project, focusing on the development of research infrastructures for the humanities and social sciences in Switzerland.},
  urldate = {2024-07-12}
}

@online{gov_dasch,
  author = {{DaSCH}},
  title = {Governance | {{DaSCH}}},
  url = {https://www.dasch.swiss/governance},
  abstract = {Page detailing the governance structure of the DaSCH project, a national infrastructure for research data and services in Switzerland.},
  urldate = {2024-07-12}
}

@online{dariahch,
  title = {{{DARIAH-CH}} – Digital Research Infrastructure for the Arts and Humanities in {{Switzerland}}},
  url = {https://www.dariah.ch/},
  abstract = {Website of DARIAH-CH, the Swiss branch of the Digital Research Infrastructure for the Arts and Humanities (DARIAH), providing services and support for digital research in arts and humanities.},
  urldate = {2024-07-12}
}

@online{daschmission,
  author = {{DaSCH}},
  title = {Mission | {{DaSCH}}},
  url = {https://www.dasch.swiss/mission},
  abstract = {Page detailing the mission of the DaSCH project, which focuses on developing and operating a trusted digital repository for open research data in the humanities in Switzerland.},
  urldate = {2024-08-29}
}

@online{re3data,
  title = {{{Re3Data}} Repository: Swiss National Data and Service Center for the Humanities},
  url = {https://www.re3data.org/repository/r3d100012374},
  abstract = {Entry for the ICUB repository in the Re3Data directory, which indexes and provides information about research data repositories worldwide.},
  urldate = {2024-07-15}
}

@online{sbfi,
  title = {State Secretariat for Education, Research and Innovation: Education, Research, and Innovation {{ERI}} 2021–2024},
  url = {https://www.sbfi.admin.ch/sbfi/en/home/eri-policy/eri-21-24.html},
  abstract = {This page provides information on Switzerland's education, research, and innovation policy for the period 2021-2024},
  urldate = {2024-07-17}
}

@online{gimp,
  title = {About {{GIMP}} - {{GNU Image Manipulation Program}}},
  url = {https://www.gimp.org/about/},
  abstract = {The official page for GIMP, an open-source image editing software, providing details about its history, development, and features.},
  urldate = {2024-07-02}
}

@inproceedings{raemygautschy2023,
  author = {Julien A. Raemy and Rita Gautschy},
  title = {Élaboration d’un processus pour les images 3D reposant sur IIIF},
  booktitle = {Colloque Humanistica 2023},
  address = {Université de Genève, Suisse},
  date = {2023-06-26/2023-06-28}
}

@online{blender,
  title = {Introduction - {{Blender Manual}}},
  url = {https://docs.blender.org/manual/en/latest/getting_started/about/introduction.html},
  abstract = {Introduction to Blender in its official documentation, covering the basics of the software and its application in 3D modeling, animation, and rendering.},
  urldate = {2024-07-02}
}

@online{iiif3d,
  title = {3D Community Group - {{IIIF}}},
  url = {https://github.com/IIIF/3d},
  abstract = {GitHub repository for the 3D Community Group within the IIIF (International Image Interoperability Framework) initiative, providing resources and discussions on 3D content integration.},
  urldate = {2024-08-03}
}

@online{iiif3dtsg,
  title = {Technical Specification Group - {{IIIF 3D Community}}},
  url = {https://iiif.io/community/groups/3d/tsg/},
  abstract = {Page dedicated to the Technical Specification Group (TSG) within the IIIF 3D Community, focusing on the development and discussion of technical standards for 3D content in the IIIF framework.},
  urldate = {2024-08-29}
}

@online{mirador,
  title = {Mirador Project},
  url = {https://projectmirador.org/},
  abstract = {Official website of the Mirador Project, an open-source, web-based viewer that allows users to view high-resolution images from repositories that support IIIF (International Image Interoperability Framework).},
  urldate = {2024-08-29}
}

@online{universalviewer,
  title = {Universal Viewer},
  url = {https://universalviewer.io/},
  abstract = {Official website of the Universal Viewer, an open-source, highly configurable viewer for IIIF content that supports images, books, maps, audio, video, and 3D visualizations.},
  urldate = {2024-08-29}
}

@online{mirador_demo,
  title = {Mirador Demo},
  url = {https://deploy-preview-13--mirador.netlify.app/demo/},
  abstract = {Demo page for Mirador, a web-based, open-source viewer that supports IIIF-compliant resources, allowing users to view, compare, and annotate high-resolution images.},
  urldate = {2024-09-04}
}

@online{openseadragon,
  title = {OpenSeadragon IIIF TileSource Example},
  url = {https://openseadragon.github.io/examples/tilesource-iiif/},
  abstract = {An example page demonstrating the integration of the IIIF TileSource with OpenSeadragon, an open-source, web-based viewer for high-resolution zoomable images.},
  urldate = {2024-09-04}
}

@online{ibmgreencoding,
  title = {Green Coding: {{How}} to Reduce the Carbon Footprint of Your {{Code}} - {{IBM Blog}}},
  url = {https://www.ibm.com/blog/green-coding/},
  abstract = {An IBM blog post discussing green coding practices, aimed at reducing the environmental impact of software development.},
  urldate = {2024-06-27}
}

@online{ionosgreencoding,
  title = {Green {{Coding}}: {{How To Write More Efficient Software}} - {{IONOS}}},
  url = {https://www.ionos.fr/digitalguide/sites-internet/developpement-web/green-coding/},
  abstract = {Article from IONOS on the principles of green coding, providing tips for creating more energy-efficient and environmentally friendly software.},
  urldate = {2024-06-27}
}

@online{dockermediaresources,
  title = {Media Resources - {{Docker}}},
  url = {https://www.docker.com/company/newsroom/media-resources/},
  abstract = {Page providing media resources and press materials related to Docker, including logos, brand guidelines, and company information.},
  urldate = {2024-08-29}
}

@manual{pyautogui,
  title = {PyAutoGUI Documentation},
  author = {{PyAutoGUI}},
  year = {2024},
  url = {https://pyautogui.readthedocs.io/en/latest/},
  urldate = {2024-08-29}
}

@online{adobe_hex_codes,
  title = {Comprendre les codes de couleurs hexadécimaux},
  author = {Adobe},
  urldate = {2024-07-21},
  url = {https://www.adobe.com/fr/creativecloud/design/discover/color-hex-codes.html}
}

@online{iiifjulie2024,
  title = {{{IIIF}} welcomes {{Julie Winchester}} as specification Editor},
  url = {https://iiif.io/news/2024/01/23/welcome-julie/},
  abstract = {Announcement of Julie Allinson joining the IIIF community, highlighting her background and the contributions she will bring to the initiative.},
  urldate = {2024-07-21}
}

@online{iiifpresentation30,
  title = {IIIF Presentation API 3.0},
  url = {https://iiif.io/api/presentation/3.0/},
  abstract = {Documentation for the IIIF Presentation API 3.0, which provides a standardized format for presenting structured data about digital objects within the IIIF framework.},
  urldate = {2024-07-20}
}

@online{bootstrapspinners,
  title = {Bootstrap 4.4 Documentation - Spinners},
  url = {https://getbootstrap.com/docs/4.4/components/spinners/},
  abstract = {Documentation pour les composants de spinners dans Bootstrap 4.4, expliquant comment créer et personnaliser des indicateurs de chargement animés.},
  urldate = {2024-08-23}
}

@online{gdmrworkbench,
  title = {GDMR Digital Workbench Login},
  url = {https://workbench.gdmrdigital.com/login.xhtml},
  abstract = {Page de connexion pour le GDMR Digital Workbench, une plateforme permettant de gérer et d'interagir avec des données numériques spécialisées.},
  urldate = {2024-07-21}
}

@online{iiif3dmodelorigin,
  title = {Basic Model in Scene - {{IIIF 3D}}},
  url = {https://github.com/IIIF/3d/blob/main/manifests/1_basic_model_in_scene/model_origin.json},
  abstract = {GitHub repository file containing the JSON manifest for a basic 3D model in a scene, used within the IIIF 3D context. This file demonstrates how to structure and represent 3D content in a IIIF environment.},
  urldate = {2024-07-20}
}

@online{iiifimage30,
  title = {IIIF Image API 3.0},
  url = {https://iiif.io/api/image/3.0/},
  abstract = {Documentation pour l'API d'Image IIIF 3.0, qui définit un service permettant de demander, de manipuler et de livrer des images numériques en utilisant le cadre IIIF (International Image Interoperability Framework).},
  urldate = {2024-08-29}
}

@article{moraneus_python_flask_2023,
    title={Python Flask: A Comprehensive Guide from Basic to Advanced},
    author={Moraneus},
    journal={Medium},
    year={2023},
    url={https://medium.com/@moraneus/python-flask-a-comprehensive-guide-from-basic-to-advanced-fbc6ec9aa5f7}
}

@online{biblissima_iiif_intro,
  title = {Introduction à IIIF},
  author = {{Biblissima Documentation}},
  url = {https://doc.biblissima.fr/iiif/introduction-iiif/#vision},
  urldate = {2024-08-13}
}

@online{meneses1980,
  author = {Ulpiano Bezerra de Meneses},
  title = {O objeto como documento},
  year = {1980},
  url = {https://edisciplinas.usp.br/pluginfile.php/5577860/mod_resource/content/1/MENESES%2C%20Ulpiano%20Bezerra%20de.%20O%20objeto%20como%20documento.%201980.pdf},
  abstract = {Article intitulé "O objeto como documento" par Ulpiano Bezerra de Meneses, discutant le rôle des objets en tant que documents historiques.},
  urldate = {2024-08-29}
}

@misc{daschswiss_dockerhub,
  author = {{DaSCH}},
  title = {DaSCH Swiss on Docker Hub},
  url = {https://hub.docker.com/u/daschswiss},
  urldate = {2024-08-03}
}

@manual{docker_overview,
  author = {Docker},
  title = {What is Docker? - Docker Docs},
  url = {https://docs.docker.com/get-started/docker-overview/},
  urldate = {2024-08-03}
}

@misc{bootstrap_about,
  title={About - Bootstrap v4.6},
  author={Bootstrap},
  publisher={Bootstrap},
  year={2023},
  url={https://getbootstrap.com/docs/4.6/about/overview/},
  urldate = {2024-07-15}
}

@misc{challon_coursm2tnah_flask,
    title = {CoursM2TNAH\_Flask\_code},
    author = {Maxime Challon},
    url={https://github.com/MaximeChallon/CoursM2TNAH_Flask_code},
    year = {2023},
    urldate = {2024-07-15}
}

@misc{herrera_2023_png_to_jpeg,
    title = {PNG-to-JPEG: A Python program to convert all png images within a specific folder to jpeg files on a target folder},
    author = {HerreraCarlos81},
    url = {https://github.com/HerreraCarlos81/PNG-to-JPEG},
    year = {2023},
    urldate = {2024-08-12}
}

@manual{bootstrap_doc,
  title = {Introduction - Bootstrap v4.6},
  author = {Bootstrap},
  url = {https://getbootstrap.com/docs/4.6/getting-started/introduction/},
  urldate = {2024-07-15}
}

@manual{bootstrap_flask,
  title = {Bootstrap-Flask - Bootstrap-Flask 2.2.x documentation},
  author = {{Bootstrap-Flask}},
  url = {https://bootstrap-flask.readthedocs.io/en/stable/index.html},
  urldate = {2024-08-03}
}

@manual{flask_bootstrap,
  author = {{Flask-Bootstrap}},
  title = {Welcome to Flask - Flask Documentation },
  url = {https://pythonhosted.org/Flask-Bootstrap},
  urldate = {2024-08-03}
}

@manual{flask_documentation,
  author = {Flask Documentation},
  title = {Flask Documentation},
  url = {https://flask.palletsprojects.com/en/3.0.x/},
  urldate = {2024-08-03}
}

@misc{bibtex_entry_types,
  author = {BibTeX},
  title = {BibTeX Entry Types},
  url = {https://www.bibtex.com/e/entry-types/},
  urldate = {2024-07-13}
}
